<record><leader>00000cas a22000007a 4500</leader><controlfield tag="001">15243441</controlfield><controlfield tag="008">870226d18651871mouwr ne      0    0eng d</controlfield><datafield ind1=" " ind2=" " tag="010"><subfield code="a">sn 87052244 </subfield></datafield><datafield ind1=" " ind2=" " tag="040"><subfield code="a">NPX</subfield><subfield code="b">eng</subfield><subfield code="c">NPX</subfield><subfield code="d">MQN</subfield><subfield code="d">NVF</subfield><subfield code="d">OCLCQ</subfield></datafield><datafield ind1=" " ind2=" " tag="042"><subfield code="a">msc</subfield></datafield><datafield ind1="0" ind2=" " tag="130"><subfield code="a">Franklin County progress (Union, Mo.)</subfield></datafield><datafield ind1="1" ind2="0" tag="245"><subfield code="a">Franklin County progress.</subfield></datafield><datafield ind1=" " ind2=" " tag="260"><subfield code="a">Union, Mo. :</subfield><subfield code="b">Mason and Schick</subfield></datafield><datafield ind1=" " ind2=" " tag="300"><subfield code="a">v.</subfield></datafield><datafield ind1=" " ind2=" " tag="310"><subfield code="a">Weekly</subfield></datafield><datafield ind1="1" ind2=" " tag="362"><subfield code="a">Began in 1865? Ceased in 1871?</subfield></datafield><datafield ind1=" " ind2=" " tag="588"><subfield code="a">Description based on: Vol. 1, no. 31 (Mar. 16, 1866).</subfield></datafield><datafield ind1=" " ind2=" " tag="752"><subfield code="a">United States</subfield><subfield code="b">Missouri</subfield><subfield code="c">Franklin</subfield><subfield code="d">Union.</subfield></datafield><datafield ind1="0" ind2="0" tag="785"><subfield code="t">Franklin County Democrat</subfield><subfield code="w">(DLC)sn 90061440</subfield></datafield></record>